%% This BibTeX bibliography file was created using BibDesk.
%% http://bibdesk.sourceforge.net/


%% Created for r44 at 2014-07-02 19:57:10 +0800 


%% Saved with string encoding Unicode (UTF-8) 



@article{PRP,
	Author = {Apostolos N. Papadopoulos and Yannis Manolopoulos},
	Date-Added = {2014-07-02 11:54:56 +0000},
	Date-Modified = {2014-07-02 11:57:07 +0000},
	Journal = {Distributed and Parallel Databases},
	Title = {Distributed Processing of Similarity Queries},
	Year = {2001}}

@article{MsWave,
	Author = {Jui-Pin Wang and Yu-Chen Lu and Mi-Yen Yeh and Shou-De Lin and Phillip B. Gibbons},
	Date-Added = {2014-07-02 11:49:51 +0000},
	Date-Modified = {2014-07-02 11:50:55 +0000},
	Journal = {Proc. of IEEE ICDM},
	Title = {Communication-Efficient Distributed Multiple Reference Pattern Matching for M2M Systems},
	Year = {2013}}

@article{LeeWave,
	Author = {Yeh, Mi-Yen and Wu, Kun-Lung and Yu, Philip S. and Chen, Ming-Syan},
	Date-Added = {2014-07-02 11:48:10 +0000},
	Date-Modified = {2014-07-02 11:49:23 +0000},
	Journal = {Proc. VLDB Endow.},
	Title = {\textsc{LeeWave}: level-wise distribution of wavelet coefficients for processing $k$NN queries over distributed streams},
	Year = {2008}}
